{
  "leader": "02255cam  2200421 i 4500",
  "fields": [
    {
      "001": "ocm00520125\\"
    },
    {
      "003": "OCoLC"
    },
    {
      "005": "20211115162531.0"
    },
    {
      "008": "660725s1965\\\\\\\\nyua\\\\\\\\\\b\\\\\\\\000\\0\\eng\\\\"
    },
    {
      "007": "t\\"
    },
    {
      "010": {
        "ind1": "\\",
        "ind2": "\\",
        "subfields": [
          {
            "a": "   65018302 "
          }
        ]
      }
    },
    {
      "040": {
        "ind1": "\\",
        "ind2": "\\",
        "subfields": [
          {
            "a": "NLM"
          },
          {
            "b": "eng"
          },
          {
            "c": "NLM"
          },
          {
            "d": "WSU"
          },
          {
            "d": "CHS"
          },
          {
            "d": "SER"
          },
          {
            "d": "STF"
          },
          {
            "d": "NZ1"
          },
          {
            "d": "BDX"
          },
          {
            "d": "OCLCF"
          },
          {
            "d": "OCLCO"
          },
          {
            "d": "OCLCQ"
          },
          {
            "d": "OCLCO"
          },
          {
            "d": "VMY"
          },
          {
            "d": "HN#"
          },
          {
            "d": "OCLCO"
          },
          {
            "d": "OCLCQ"
          },
          {
            "d": "CSJ"
          },
          {
            "d": "OCLCA"
          },
          {
            "d": "OCLCQ"
          },
          {
            "d": "ZAP"
          },
          {
            "d": "OCLCQ"
          },
          {
            "d": "CPO"
          },
          {
            "d": "OCLCQ"
          },
          {
            "d": "RAO"
          },
          {
            "d": "OCLCQ"
          },
          {
            "d": "NLM"
          },
          {
            "d": "OCLCO"
          },
          {
            "d": "ERL"
          },
          {
            "d": "J9U"
          },
          {
            "d": "OCLCO"
          }
        ]
      }
    },
    {
      "016": {
        "ind1": "7",
        "ind2": "\\",
        "subfields": [
          {
            "a": "0052506"
          },
          {
            "2": "DNLM"
          }
        ]
      }
    },
    {
      "019": {
        "ind1": "\\",
        "ind2": "\\",
        "subfields": [
          {
            "a": "14473956"
          },
          {
            "a": "153066562"
          },
          {
            "a": "316865886"
          },
          {
            "a": "614726087"
          },
          {
            "a": "1184229454"
          },
          {
            "a": "1200992869"
          },
          {
            "a": "1201576564"
          },
          {
            "a": "1201614004"
          },
          {
            "a": "1201637559"
          },
          {
            "a": "1201841864"
          },
          {
            "a": "1201847843"
          },
          {
            "a": "1201881558"
          },
          {
            "a": "1201899583"
          },
          {
            "a": "1239975105"
          },
          {
            "a": "1271225705"
          }
        ]
      }
    },
    {
      "035": {
        "ind1": "\\",
        "ind2": "\\",
        "subfields": [
          {
            "a": "(OCoLC)520125"
          },
          {
            "z": "(OCoLC)14473956"
          },
          {
            "z": "(OCoLC)153066562"
          },
          {
            "z": "(OCoLC)316865886"
          },
          {
            "z": "(OCoLC)614726087"
          },
          {
            "z": "(OCoLC)1184229454"
          },
          {
            "z": "(OCoLC)1200992869"
          },
          {
            "z": "(OCoLC)1201576564"
          },
          {
            "z": "(OCoLC)1201614004"
          },
          {
            "z": "(OCoLC)1201637559"
          },
          {
            "z": "(OCoLC)1201841864"
          },
          {
            "z": "(OCoLC)1201847843"
          },
          {
            "z": "(OCoLC)1201881558"
          },
          {
            "z": "(OCoLC)1201899583"
          },
          {
            "z": "(OCoLC)1239975105"
          },
          {
            "z": "(OCoLC)1271225705"
          }
        ]
      }
    },
    {
      "050": {
        "ind1": "0",
        "ind2": "0",
        "subfields": [
          {
            "a": "Q171"
          },
          {
            "b": ".S378"
          }
        ]
      }
    },
    {
      "060": {
        "ind1": "0",
        "ind2": "0",
        "subfields": [
          {
            "a": "Q 158"
          },
          {
            "b": "S416 1965"
          }
        ]
      }
    },
    {
      "082": {
        "ind1": "0",
        "ind2": "4",
        "subfields": [
          {
            "a": "500"
          },
          {
            "b": "SCI"
          }
        ]
      }
    },
    {
      "245": {
        "ind1": "0",
        "ind2": "4",
        "subfields": [
          {
            "a": "The Scientific endeavor :"
          },
          {
            "b": "centennial celebration of the National Academy of Sciences /"
          },
          {
            "c": "[Contributors: Melvin Calvin and others]."
          }
        ]
      }
    },
    {
      "260": {
        "ind1": "\\",
        "ind2": "\\",
        "subfields": [
          {
            "a": "New York :"
          },
          {
            "b": "Rockefeller Institute Press,"
          },
          {
            "c": "[1965]"
          }
        ]
      }
    },
    {
      "300": {
        "ind1": "\\",
        "ind2": "\\",
        "subfields": [
          {
            "a": "vii, 331 pages :"
          },
          {
            "b": "illustrations ;"
          },
          {
            "c": "23 cm"
          }
        ]
      }
    },
    {
      "336": {
        "ind1": "\\",
        "ind2": "\\",
        "subfields": [
          {
            "a": "text"
          },
          {
            "b": "txt"
          },
          {
            "2": "rdacontent"
          }
        ]
      }
    },
    {
      "337": {
        "ind1": "\\",
        "ind2": "\\",
        "subfields": [
          {
            "a": "unmediated"
          },
          {
            "b": "n"
          },
          {
            "2": "rdamedia"
          }
        ]
      }
    },
    {
      "338": {
        "ind1": "\\",
        "ind2": "\\",
        "subfields": [
          {
            "a": "volume"
          },
          {
            "b": "nc"
          },
          {
            "2": "rdacarrier"
          }
        ]
      }
    },
    {
      "500": {
        "ind1": "\\",
        "ind2": "\\",
        "subfields": [
          {
            "a": "Addresses presented at the centennial celebration of the National Academy of Sciences."
          }
        ]
      }
    },
    {
      "504": {
        "ind1": "\\",
        "ind2": "\\",
        "subfields": [
          {
            "a": "Includes bibliographical references (pages 320-331)."
          }
        ]
      }
    },
    {
      "505": {
        "ind1": "0",
        "ind2": "\\",
        "subfields": [
          {
            "a": "History of the universe -- Nature of matter -- The determinants and evolution of life -- The scientific endeavor -- A century of scientific conquest, by J.F. Kennedy."
          }
        ]
      }
    },
    {
      "583": {
        "ind1": "1",
        "ind2": "\\",
        "subfields": [
          {
            "a": "Committed to retain"
          },
          {
            "c": "2020"
          },
          {
            "2": "pda"
          },
          {
            "5": "UkLeU"
          }
        ]
      }
    },
    {
      "650": {
        "ind1": "\\",
        "ind2": "0",
        "subfields": [
          {
            "a": "Science."
          }
        ]
      }
    },
    {
      "650": {
        "ind1": "\\",
        "ind2": "7",
        "subfields": [
          {
            "a": "Science."
          },
          {
            "2": "fast"
          },
          {
            "0": "(OCoLC)fst01108176"
          }
        ]
      }
    },
    {
      "650": {
        "ind1": "\\",
        "ind2": "2",
        "subfields": [
          {
            "a": "Science."
          }
        ]
      }
    },
    {
      "655": {
        "ind1": "\\",
        "ind2": "2",
        "subfields": [
          {
            "a": "Essay."
          }
        ]
      }
    },
    {
      "700": {
        "ind1": "1",
        "ind2": "\\",
        "subfields": [
          {
            "a": "Calvin, Melvin,"
          },
          {
            "d": "1911-1997."
          }
        ]
      }
    },
    {
      "710": {
        "ind1": "2",
        "ind2": "\\",
        "subfields": [
          {
            "a": "National Academy of Sciences (U.S.)"
          }
        ]
      }
    },
    {
      "776": {
        "ind1": "0",
        "ind2": "8",
        "subfields": [
          {
            "i": "Online version:"
          },
          {
            "t": "Scientific endeavor."
          },
          {
            "d": "New York] Rockefeller Institute Press [1965]"
          },
          {
            "w": "(OCoLC)593573240"
          }
        ]
      }
    },
    {
      "994": {
        "ind1": "\\",
        "ind2": "\\",
        "subfields": [
          {
            "a": "Z0"
          },
          {
            "b": "NYRVC"
          }
        ]
      }
    },
    {
      "948": {
        "ind1": "\\",
        "ind2": "\\",
        "subfields": [
          {
            "h": "NO HOLDINGS IN NYRVC - 567 OTHER HOLDINGS"
          }
        ]
      }
    },
    {
      "999": {
        "ind1": "\\",
        "ind2": "\\",
        "subfields": [
          {
            "a": "00000000016763"
          }
        ]
      }
    }
  ]
}